@article{karonski2002phase,
  title={The phase transition in a random hypergraph},
  author={Karo{\'n}ski, Micha{\l} and {\L}uczak, Tomasz},
  journal={Journal of Computational and Applied Mathematics},
  volume={142},
  number={1},
  pages={125--135},
  year={2002},
  publisher={Elsevier}
}

@article{erdHos1960evolution,
	title={On the evolution of random graphs},
	author={Erd{\H{o}}s, Paul and R{\'e}nyi, Alfr{\'e}d},
	journal={Publ. Math. Inst. Hung. Acad. Sci},
	volume={5},
	number={1},
	pages={17--60},
	year={1960}
}

@article{mcdiarmid2009random,
	title={Random graphs from a minor-closed class},
	author={Mcdiarmid, Colin},
	journal={Combinatorics, Probability and Computing},
	volume={18},
	number={4},
	pages={583--599},
	year={2009},
	publisher={Cambridge University Press}
}

@article{kakeya1914partial,
	title={On the partial sums of an infinite series},
	author={Kakeya, Soichi},
	journal={Tohoku Sci. Rep},
	volume={3},
	number={4},
	pages={159--164},
	year={1914}
}

@article{hornich1941beliebige,
	title={{\"U}ber beliebige Teilsummen absolut konvergenter Reihen},
	author={Hornich, Hans},
	journal={Monatshefte f{\"u}r Mathematik und Physik},
	volume={49},
	number={1},
	pages={316--320},
	year={1941},
	publisher={Springer}
}

@inproceedings{nymann2000paper,
	title={On a paper of Guthrie and Nymann on subsums of infinite series},
	author={Nymann, J and Saenz, R},
	booktitle={Colloquium Mathematicae},
	volume={83},
	number={1},
	pages={1--4},
	year={2000}
}

@article{mastertesisalberto,
	title={Limit probabilites of first order properties in sparse random relational
	structures},
	author={Alberto Larrauri},
	journal={}
}